<record><leader>00000cas a22000007a 4500</leader><controlfield tag="001">15498516</controlfield><controlfield tag="008">870407d19071931wiuwr ne      0    0eng d</controlfield><datafield ind1=" " ind2=" " tag="010"><subfield code="a">sn 87082424 </subfield></datafield><datafield ind1=" " ind2=" " tag="040"><subfield code="a">NPV</subfield><subfield code="b">eng</subfield><subfield code="c">NPV</subfield><subfield code="d">OCLCQ</subfield></datafield><datafield ind1=" " ind2=" " tag="042"><subfield code="a">msc</subfield></datafield><datafield ind1="0" ind2="0" tag="245"><subfield code="a">Kilbourn weekly events.</subfield></datafield><datafield ind1="1" ind2="3" tag="246"><subfield code="a">Weekly events and mirror-gazette</subfield></datafield><datafield ind1=" " ind2=" " tag="260"><subfield code="a">Kilbourn, Wis. :</subfield><subfield code="b">J.E. Jones &amp; Co.,</subfield><subfield code="c">1907-1931.</subfield></datafield><datafield ind1=" " ind2=" " tag="300"><subfield code="a">v.</subfield></datafield><datafield ind1=" " ind2=" " tag="310"><subfield code="a">Weekly</subfield></datafield><datafield ind1="0" ind2=" " tag="362"><subfield code="a">Vol. 3, no. 1 (July 6, 1907)-v. 36, no. 36 (Apr. 2, 1931).</subfield></datafield><datafield ind1=" " ind2=" " tag="752"><subfield code="a">United States</subfield><subfield code="b">Wisconsin</subfield><subfield code="c">Sauk</subfield><subfield code="d">Kilbourn.</subfield></datafield><datafield ind1=" " ind2=" " tag="752"><subfield code="a">United States</subfield><subfield code="b">Wisconsin</subfield><subfield code="c">Sauk</subfield><subfield code="d">Wisconsin Dells.</subfield></datafield><datafield ind1=" " ind2=" " tag="752"><subfield code="a">United States</subfield><subfield code="b">Wisconsin</subfield><subfield code="c">Juneau</subfield><subfield code="d">Wisconsin Dells.</subfield></datafield><datafield ind1=" " ind2=" " tag="752"><subfield code="a">United States</subfield><subfield code="b">Wisconsin</subfield><subfield code="c">Columbia</subfield><subfield code="d">Wisconsin Dells.</subfield></datafield><datafield ind1="0" ind2="0" tag="780"><subfield code="t">Kilbourn weekly illustrated events</subfield><subfield code="w">(DLC)sn 87082423</subfield></datafield><datafield ind1="0" ind2="5" tag="780"><subfield code="t">Mirror gazette</subfield><subfield code="w">(DLC)sn 85040807</subfield></datafield><datafield ind1="0" ind2="0" tag="785"><subfield code="t">Wisconsin Dells events</subfield><subfield code="w">(DLC)sn 87082425</subfield></datafield></record>